<?xml version="1.0" encoding="UTF-8"?><record xmlns="http://www.loc.gov/MARC21/slim" xmlns:cinclude="http://apache.org/cocoon/include/1.0" xmlns:zs="http://www.loc.gov/zing/srw/">
  <leader>00395nz  a2200133n  4500</leader>
  <controlfield tag="001">no 99008616 </controlfield>
  <controlfield tag="003">DLC</controlfield>
  <controlfield tag="005">19990210071630.6</controlfield>
  <controlfield tag="008">990209n| acannaab|          |n ana     c</controlfield>
  <datafield tag="010" ind1=" " ind2=" ">
    <subfield code="a">no 99008616 </subfield>
  </datafield>
  <datafield tag="035" ind1=" " ind2=" ">
    <subfield code="a">(OCoLC)oca04916484 </subfield>
  </datafield>
  <datafield tag="040" ind1=" " ind2=" ">
    <subfield code="a">TxDa</subfield>
    <subfield code="c">TxDa</subfield>
  </datafield>
  <datafield tag="110" ind1="2" ind2="0">
    <subfield code="a">Richard Ratcliff Genealogical Society</subfield>
  </datafield>
  <datafield tag="670" ind1=" " ind2=" ">
    <subfield code="a">Richard Ratcliff bulletin, Mar. 1997:</subfield>
    <subfield code="b">p. 1 (Richard Ratcliff Genealogical Society)</subfield>
  </datafield>
</record>